@article{Jia:2014jca,
      author         = "Jia, Jiangyong",
      title          = "{Event-shape fluctuations and flow correlations in
                        ultra-relativistic heavy-ion collisions}",
      journal        = "J. Phys.",
      volume         = "G41",
      year           = "2014",
      number         = "12",
      pages          = "124003",
      doi            = "10.1088/0954-3899/41/12/124003",
      eprint         = "1407.6057",
      archivePrefix  = "arXiv",
      primaryClass   = "nucl-ex",
      SLACcitation   = "%%CITATION = ARXIV:1407.6057;%%"
}

@article{PhysRevD.27.140,
  title = {Highly relativistic nucleus-nucleus collisions: The central rapidity region},
  author = {Bjorken, J. D.},
  journal = {Phys. Rev. D},
  volume = {27},
  issue = {1},
  pages = {140--151},
  numpages = {0},
  year = {1983},
  month = {Jan},
  publisher = {American Physical Society},
  doi = {10.1103/PhysRevD.27.140},
  url = {https://link.aps.org/doi/10.1103/PhysRevD.27.140}
}

@article{Kowalski:2003hm,
      author         = "Kowalski, Henri and Teaney, Derek",
      title          = "{An Impact parameter dipole saturation model}",
      journal        = "Phys. Rev.",
      volume         = "D68",
      year           = "2003",
      pages          = "114005",
      doi            = "10.1103/PhysRevD.68.114005",
      eprint         = "hep-ph/0304189",
      archivePrefix  = "arXiv",
      primaryClass   = "hep-ph",
      SLACcitation   = "%%CITATION = HEP-PH/0304189;%%"
}

@article{Schenke:2010nt,
      author         = "Schenke, Bjoern and Jeon, Sangyong and Gale, Charles",
      title          = "{(3+1)D hydrodynamic simulation of relativistic heavy-ion
                        collisions}",
      journal        = "Phys. Rev.",
      volume         = "C82",
      year           = "2010",
      pages          = "014903",
      doi            = "10.1103/PhysRevC.82.014903",
      eprint         = "1004.1408",
      archivePrefix  = "arXiv",
      primaryClass   = "hep-ph",
      SLACcitation   = "%%CITATION = ARXIV:1004.1408;%%"
}

@article{Luzum:2012da,
      author         = "Luzum, Matthew and Ollitrault, Jean-Yves",
      title          = "{Eliminating experimental bias in anisotropic-flow
                        measurements of high-energy nuclear collisions}",
      journal        = "Phys. Rev.",
      volume         = "C87",
      year           = "2013",
      number         = "4",
      pages          = "044907",
      doi            = "10.1103/PhysRevC.87.044907",
      eprint         = "1209.2323",
      archivePrefix  = "arXiv",
      primaryClass   = "nucl-ex",
      reportNumber   = "SACLAY-T12-074",
      SLACcitation   = "%%CITATION = ARXIV:1209.2323;%%"
}

@article{Romatschke:2009im,
      author         = "Romatschke, Paul",
      title          = "{New Developments in Relativistic Viscous Hydrodynamics}",
      journal        = "Int. J. Mod. Phys.",
      volume         = "E19",
      year           = "2010",
      pages          = "1-53",
      doi            = "10.1142/S0218301310014613",
      eprint         = "0902.3663",
      archivePrefix  = "arXiv",
      primaryClass   = "hep-ph",
      reportNumber   = "INT-PUB-09-010",
      SLACcitation   = "%%CITATION = ARXIV:0902.3663;%%"
}

@article{Marrochio:2013wla,
      author         = "Marrochio, Hugo and Noronha, Jorge and Denicol, Gabriel
                        S. and Luzum, Matthew and Jeon, Sangyong and Gale,
                        Charles",
      title          = "{Solutions of Conformal Israel-Stewart Relativistic
                        Viscous Fluid Dynamics}",
      journal        = "Phys. Rev.",
      volume         = "C91",
      year           = "2015",
      number         = "1",
      pages          = "014903",
      doi            = "10.1103/PhysRevC.91.014903",
      eprint         = "1307.6130",
      archivePrefix  = "arXiv",
      primaryClass   = "nucl-th",
      SLACcitation   = "%%CITATION = ARXIV:1307.6130;%%"
}

@article{Gubser:2010ze,
      author         = "Gubser, Steven S.",
      title          = "{Symmetry constraints on generalizations of Bjorken
                        flow}",
      journal        = "Phys. Rev.",
      volume         = "D82",
      year           = "2010",
      pages          = "085027",
      doi            = "10.1103/PhysRevD.82.085027",
      eprint         = "1006.0006",
      archivePrefix  = "arXiv",
      primaryClass   = "hep-th",
      reportNumber   = "PUPT-2340",
      SLACcitation   = "%%CITATION = ARXIV:1006.0006;%%"
}

@article{Gubser:2010ui,
      author         = "Gubser, Steven S. and Yarom, Amos",
      title          = "{Conformal hydrodynamics in Minkowski and de Sitter
                        spacetimes}",
      journal        = "Nucl. Phys.",
      volume         = "B846",
      year           = "2011",
      pages          = "469-511",
      doi            = "10.1016/j.nuclphysb.2011.01.012",
      eprint         = "1012.1314",
      archivePrefix  = "arXiv",
      primaryClass   = "hep-th",
      reportNumber   = "PUPT-2358",
      SLACcitation   = "%%CITATION = ARXIV:1012.1314;%%"
}

@article{Stephanov:2004wx,
      author         = "Stephanov, Mikhail A.",
      title          = "{QCD phase diagram and the critical point}",
      booktitle      = "{Non-perturbative quantum chromodynamics. Proceedings,
                        8th Workshop, Paris, France, June 7-11, 2004}",
      journal        = "Prog. Theor. Phys. Suppl.",
      volume         = "153",
      year           = "2004",
      pages          = "139-156",
      doi            = "10.1142/S0217751X05027965",
      note           = "[Int. J. Mod. Phys.A20,4387(2005)]",
      eprint         = "hep-ph/0402115",
      archivePrefix  = "arXiv",
      primaryClass   = "hep-ph",
      SLACcitation   = "%%CITATION = HEP-PH/0402115;%%"
}

@article{Blaizot2001,
      author         = "Blaizot, Jean-Paul and Iancu, Edmond",
      title          = "{The Quark gluon plasma: Collective dynamics and hard
                        thermal loops}",
      journal        = "Phys. Rept.",
      volume         = "359",
      year           = "2002",
      pages          = "355-528",
      doi            = "10.1016/S0370-1573(01)00061-8",
      eprint         = "hep-ph/0101103",
      archivePrefix  = "arXiv",
      primaryClass   = "hep-ph",
      reportNumber   = "SACLAY-T01-005, CERN-TH-2000-272",
      SLACcitation   = "%%CITATION = HEP-PH/0101103;%%"
}

@article{PhysRevC.78.034913,
  title = {Stress tensor and bulk viscosity in relativistic nuclear collisions},
  author = {Fries, Rainer J. and M\"uller, Berndt and Sch\"afer, Andreas},
  journal = {Phys. Rev. C},
  volume = {78},
  issue = {3},
  pages = {034913},
  numpages = {7},
  year = {2008},
  month = {Sep},
  publisher = {American Physical Society},
  doi = {10.1103/PhysRevC.78.034913},
  url = {https://link.aps.org/doi/10.1103/PhysRevC.78.034913}
}

@article{Tachibana:2019hrn,
      author         = "Tachibana, Yasuki",
      title          = "{Medium response to jet-induced excitation: theory
                        overview}",
      booktitle      = "{Proceedings, 27th International Conference on
                        Ultrarelativistic Nucleus-Nucleus Collisions (Quark Matter
                        2018): Venice, Italy, May 14-19, 2018}",
      journal        = "Nucl. Phys.",
      volume         = "A982",
      year           = "2019",
      pages          = "156-162",
      doi            = "10.1016/j.nuclphysa.2018.10.074",
      SLACcitation   = "%%CITATION = NUPHA,A982,156;%%"
}


@article{PhysRevC.80.054913,
  title = {MARTINI: An event generator for relativistic heavy-ion collisions},
  author = {Schenke, Bj\"orn and Gale, Charles and Jeon, Sangyong},
  journal = {Phys. Rev. C},
  volume = {80},
  issue = {5},
  pages = {054913},
  numpages = {8},
  year = {2009},
  month = {Nov},
  publisher = {American Physical Society},
  doi = {10.1103/PhysRevC.80.054913},
  url = {https://link.aps.org/doi/10.1103/PhysRevC.80.054913}
}

@article{Kurkela:2018vqr,
      author         = "Kurkela, Aleksi and Mazeliauskas, Aleksas and Paquet,
                        Jean-François and Schlichting, Sören and Teaney, Derek",
      title          = "{Effective kinetic description of event-by-event
                        pre-equilibrium dynamics in high-energy heavy-ion
                        collisions}",
      journal        = "Phys. Rev.",
      volume         = "C99",
      year           = "2019",
      number         = "3",
      pages          = "034910",
      doi            = "10.1103/PhysRevC.99.034910",
      eprint         = "1805.00961",
      archivePrefix  = "arXiv",
      primaryClass   = "hep-ph",
      SLACcitation   = "%%CITATION = ARXIV:1805.00961;%%"
}

@article{PhysRevD.22.2152,
  title = {Acoplanarity distributions at large transverse momenta},
  author = {Bordes, G. and Nicolaidis, A.},
  journal = {Phys. Rev. D},
  volume = {22},
  issue = {9},
  pages = {2152--2156},
  numpages = {0},
  year = {1980},
  month = {Nov},
  publisher = {American Physical Society},
  doi = {10.1103/PhysRevD.22.2152},
  url = {https://link.aps.org/doi/10.1103/PhysRevD.22.2152}
}

@article{EKRT,
  title = {Event-by-event fluctuations in a perturbative QCD + saturation + hydrodynamics model: Determining QCD matter shear viscosity in ultrarelativistic heavy-ion collisions},
  author = {Niemi, H. and Eskola, K. J. and Paatelainen, R.},
  journal = {Phys. Rev. C},
  volume = {93},
  issue = {2},
  pages = {024907},
  numpages = {29},
  year = {2016},
  month = {Feb},
  publisher = {American Physical Society},
  doi = {10.1103/PhysRevC.93.024907},
  url = {https://link.aps.org/doi/10.1103/PhysRevC.93.024907}
}

@article{Glauber,
author = {Miller, Michael L. and Reygers, Klaus and Sanders, Stephen J. and Steinberg, Peter},
title = {Glauber Modeling in High-Energy Nuclear Collisions},
journal = {Annual Review of Nuclear and Particle Science},
volume = {57},
number = {1},
pages = {205-243},
year = {2007},
doi = {10.1146/annurev.nucl.57.090506.123020},

URL = { 
        https://doi.org/10.1146/annurev.nucl.57.090506.123020
    
},
eprint = { 
        https://doi.org/10.1146/annurev.nucl.57.090506.123020
    
}
,
    abstract = { We review the theoretical background, experimental techniques, and phenomenology of what is known in relativistic heavy ion physics as the Glauber model, which is used to calculate geometric quantities. A brief history of the original Glauber model is presented, with emphasis on its development into the purely classical, geometric picture used for present-day data analyses. Distinctions are made between the optical limit and Monte Carlo approaches, which are often used interchangeably but have some essential differences in particular contexts. The methods used by the four RHIC experiments are compared and contrasted, although the end results are reassuringly similar for the various geometric observables. Finally, several important RHIC measurements are highlighted that rely on geometric quantities, estimated from Glauber calculations, to draw insight from experimental observables. The status and future of Glauber modeling in the next generation of heavy ion physics studies is briefly discussed. }
}

@article{KLN,
title = {Hadron production in nuclear collisions at RHIC and high-density QCD},
journal = {Physics Letters B},
volume = {507},
number = {1},
pages = {121-128},
year = {2001},
issn = {0370-2693},
doi = {https://doi.org/10.1016/S0370-2693(01)00457-9},
url = {https://www.sciencedirect.com/science/article/pii/S0370269301004579},
author = {Dmitri Kharzeev and Marzia Nardi},
abstract = {We analyze the first results on charged particle multiplicity at RHIC in the conventional eikonal approach and in the framework of high-density QCD. We extract the fraction F of the hadron multiplicity originating from “hard” (i.e., proportional to the number of binary collisions) processes; we find a strong growth of this fraction with energy: F(s=56 GeV)≃22%, while F(s=130 GeV)≃37%. This indicates a rapid increase in the density of the produced particles. We outline the predictions of high-density QCD for the centrality, energy, and atomic number dependence of hadron production. Surprisingly, the predictions of the conventional eikonal approach and of high-density QCD for centrality dependence of hadron multiplicity at s=130 GeV appear very similar.}
}

